<?xml version="1.0" encoding="UTF-8"?><record xmlns="http://www.loc.gov/MARC21/slim" xmlns:cinclude="http://apache.org/cocoon/include/1.0" xmlns:zs="http://www.loc.gov/zing/srw/">
  <leader>00418nz  a2200133n  4500</leader>
  <controlfield tag="001">no2006049556</controlfield>
  <controlfield tag="003">DLC</controlfield>
  <controlfield tag="005">20060516052257.0</controlfield>
  <controlfield tag="008">060408n| acannaabn          |n aaa     c</controlfield>
  <datafield tag="010" ind1=" " ind2=" ">
    <subfield code="a">no2006049556</subfield>
  </datafield>
  <datafield tag="035" ind1=" " ind2=" ">
    <subfield code="a">(OCoLC)oca06940059</subfield>
  </datafield>
  <datafield tag="040" ind1=" " ind2=" ">
    <subfield code="a">NhD</subfield>
    <subfield code="b">eng</subfield>
    <subfield code="c">NhD</subfield>
  </datafield>
  <datafield tag="100" ind1="1" ind2=" ">
    <subfield code="a">Wells, Edward Phillips,</subfield>
    <subfield code="d">1916-1999</subfield>
  </datafield>
  <datafield tag="670" ind1=" " ind2=" ">
    <subfield code="a">Patchwork collection in tribute to Edward Wells, 1999:</subfield>
    <subfield code="b">cover (Edward Phillips Wells, 1916-1999; physician)</subfield>
  </datafield>
</record>